@article{real2017large,
  title={LS Evo of IC},
  author={Real and Moore and Selle and Saxena and Suematsu and Le and Kurakin},
  journal={arXiv preprint},
  year={2017}
}

@article{miikkulainen2017evolving,
  title={Evo DNNs},
  author={Miikkulainen and Liang and Meyerson and Rawal and Fink and Francon and Raju and Navruzyan and Duffy and Hodjat},
  journal={arXiv preprint},
  year={2017}
}

@article{clune2011performance,
  author={Clune and Stanley and Pennock and Ofria},
  journal={IEEE T EC},
  year={2011}
}

@book{downing2015intelligence,
  title={Intel Emerg},
  author={Downing},
  year={2015},
}

@book{sanes2011development,
  title={D of Nerv Sys},
  author={Sanes and Reh and Harris},
  year={2011},
}

@incollection{song2015learning,
  author = {Song and Pool and Tran and Dally},
  booktitle = {NIPS 28},
  year = {2015}
}

@article{tarapore2015evolvability,
  author={Tarapore and Mouret},
  journal={Info Sci},
  year={2015}
}

@misc{Hintze2017Mabe,
author = {Hintze and Bohm},
title = {{Mabe}},
year = {2017}
}

@article{Laland2014DoesRethink,
author = {Laland and Uller and Feldman and Sterelny and M{\"{u}}ller and Moczek and Jablonka and Odling-Smee and Wray and Hoekstra and Futuyma and Lenski and Mackay and Schluter and Strassmann},
journal = {Nature},
year = {2014}
}
